@article{Q-Learning,
  author = {Watkins, Christopher J.C.H.},
  title = {Learning from Delayed Rewards},
  journal = {Cambridge University Press},
  year = {1989},
}
@article{Luptakova,
  author = {Luptakova, Jana and et al.},
  title = {Playing Flappy Bird Based on Motion Recognition Using a Transformer Model and LIDAR Sensor},
  journal = {Sensors},
  year = {2024},
}